<record><leader>00000cas a22000007a 4500</leader><controlfield tag="001">13775734</controlfield><controlfield tag="008">860625d18651868aludr ne      0    0eng d</controlfield><datafield ind1=" " ind2=" " tag="010"><subfield code="a">sn 86050253 </subfield></datafield><datafield ind1=" " ind2=" " tag="040"><subfield code="a">AAR</subfield><subfield code="b">eng</subfield><subfield code="c">AAR</subfield><subfield code="d">CPN</subfield><subfield code="d">MGN</subfield><subfield code="d">OCLCQ</subfield></datafield><datafield ind1=" " ind2=" " tag="042"><subfield code="a">msc</subfield></datafield><datafield ind1="0" ind2=" " tag="130"><subfield code="a">Selma morning times (Selma, Ala. : 1865)</subfield></datafield><datafield ind1="1" ind2="0" tag="245"><subfield code="a">Selma morning times.</subfield></datafield><datafield ind1="1" ind2="7" tag="246"><subfield code="a">Morning times</subfield></datafield><datafield ind1=" " ind2=" " tag="260"><subfield code="a">Selma, Ala. :</subfield><subfield code="b">M.J. Williams,</subfield><subfield code="c">1865-</subfield></datafield><datafield ind1=" " ind2=" " tag="300"><subfield code="a">v. ;</subfield><subfield code="c">54-55 cm.</subfield></datafield><datafield ind1=" " ind2=" " tag="310"><subfield code="a">Daily (except Mon.)</subfield></datafield><datafield ind1="0" ind2=" " tag="362"><subfield code="a">Vol. 1, no. 131 (Dec. 2, 1865)-</subfield></datafield><datafield ind1="1" ind2=" " tag="362"><subfield code="a">Ceased in 1868.</subfield></datafield><datafield ind1=" " ind2=" " tag="500"><subfield code="a">Editors: Robert McKee and Col. Frank E. Burke.</subfield></datafield><datafield ind1=" " ind2=" " tag="580"><subfield code="a">Also publishes a weekly edition.</subfield></datafield><datafield ind1=" " ind2=" " tag="752"><subfield code="a">United States</subfield><subfield code="b">Alabama</subfield><subfield code="c">Dallas</subfield><subfield code="d">Selma.</subfield></datafield><datafield ind1="0" ind2="0" tag="780"><subfield code="t">Daily Selma times (Selma, Ala. : 1865)</subfield><subfield code="w">(DLC)sn 86050252</subfield></datafield><datafield ind1="0" ind2="7" tag="785"><subfield code="t">Selma daily messenger</subfield><subfield code="w">(DLC)sn 85044643</subfield></datafield><datafield ind1="0" ind2="7" tag="785"><subfield code="t">Selma times and messenger</subfield><subfield code="w">(DLC)sn 86050254</subfield></datafield></record>